<?xml version="1.0" encoding="UTF-8"?><record xmlns="http://www.loc.gov/MARC21/slim" xmlns:cinclude="http://apache.org/cocoon/include/1.0" xmlns:zs="http://www.loc.gov/zing/srw/">
  <leader>00486cz  a2200145n  4500</leader>
  <controlfield tag="001">no 99082310 </controlfield>
  <controlfield tag="003">DLC</controlfield>
  <controlfield tag="005">20021122053734.0</controlfield>
  <controlfield tag="008">991112n| acannaabn          |n aaa     c</controlfield>
  <datafield tag="010" ind1=" " ind2=" ">
    <subfield code="a">no 99082310 </subfield>
  </datafield>
  <datafield tag="035" ind1=" " ind2=" ">
    <subfield code="a">(OCoLC)oca05102052</subfield>
  </datafield>
  <datafield tag="040" ind1=" " ind2=" ">
    <subfield code="a">RPB-M</subfield>
    <subfield code="b">eng</subfield>
    <subfield code="c">RPB-M</subfield>
    <subfield code="d">PPi-MA</subfield>
  </datafield>
  <datafield tag="100" ind1="1" ind2=" ">
    <subfield code="a">Casolla, Giovanna</subfield>
  </datafield>
  <datafield tag="670" ind1=" " ind2=" ">
    <subfield code="a">Puccini, G. Turandot [SR] p1998:</subfield>
    <subfield code="b">booklet (Giovanna Casolla; sings soprano role of Turandot)</subfield>
  </datafield>
  <datafield tag="670" ind1=" " ind2=" ">
    <subfield code="a">Int. ww in mus., 17th ed.</subfield>
    <subfield code="b">(Casolla, Giovanna; b. 1944, Italy; soprano)</subfield>
  </datafield>
</record>